@INPROCEEDINGS{john:cfr,
	title={Explaining collaborative filtering recommendations},
  author={Herlocker, Jonathan L and Konstan, Joseph A and Riedl, John},
  booktitle={Proc. of ACM CSCW},
  year={2000}	}

@ARTICLE{koren:matrix,
  title={Matrix factorization techniques for recommender systems},
  author={Koren, Yehuda and Bell, Robert and Volinsky, Chris},
  journal={Computer},
  year={2009}
}	
@INPROCEEDINGS{david:lda,
	title={Latent dirichlet allocation},
	AUTHOR = {Blei, David M and Ng, Andrew Y and Jordan, Michael I},
	journal={the Journal of machine Learning research},
 	 volume={3},
  	year={2003},
  	publisher={JMLR. org}	}
	
@INPROCEEDINGS{nina:hci,
title={Effective explanations of recommendations: user-centered design},
  author={Tintarev, Nava and Masthoff, Judith},
  booktitle={Proc. of ACM RecSys},
  year={2007}
 	}

@INPROCEEDINGS{wei:tags,
	title={Tagcloud-based explanation with feedback for recommender systems},
  author={Chen, Wei and Hsu, Wynne and Lee, Mong Li},
  booktitle={Proc. of ACM SIGIR },
  year={2013}	}
	
@INPROCEEDINGS{pana:cota,
title={MoviExplain: a recommender system with explanations},
  author={Symeonidis, Panagiotis and Nanopoulos, Alexandros and Manolopoulos, Yannis},
  booktitle={Proc. of ACM RecSys},
  year={2009}	}

@INPROCEEDINGS{jmars:paper,
	title={Jointly modeling aspects, ratings and sentiments for movie recommendation (JMARS)},
  author={Diao, Qiming and Qiu, Minghui and Wu, Chao-Yuan and Smola, Alexander J and Jiang, Jing and Wang, Chong},
  booktitle={Proc. of ACM SIGKDD},
  year={2014} 
}	


@inproceedings{amatriain:2013,
  title={Beyond data: from user information to business value through personalized recommendations and consumer science},
  author={Amatriain, Xavier},
  booktitle={Proc. of ACM CIKM},
  year={2013}
}

@article{bell:2017,
  title={Lessons from the Netflix prize challenge},
  author={Bell, Robert M and Koren, Yehuda},
  journal={ACM SIGKDD Explorations Newsletter},
  volume={9},
  number={2},
  year={2007}
}
@misc{nielson:report,
author = {Nielsen},
title = {The Total Audience Report: Q4 2014},
howpublished={http://www.nielsen.com/us/en/insights/reports/2015/the-total-audience-report-q4-2014.html}
}
@misc{netflix:interview,
author = {Tom Vanderbilt },
title = {The science behind the netflix algorithms that decide what you'll watch next},
howpublished={http://www.wired.com/2013/08/qq\_netflix-algorithm}
}
@inproceedings{zeng:learning,
  title={Learning to cluster web search results},
  author={Zeng, Hua-Jun and He, Qi-Cai and Chen, Zheng and Ma, Wei-Ying and Ma, Jinwen},
  booktitle={Proc. of ACM SIGIR },
  year={2004}
}
@inproceedings{zhao:learning,
  title={Learning to generate labels for organizing search results from a domain-specified corpus},
  author={Zhao, Jing and He, Jing},
  booktitle={Proc. of IEEE/WIC/ACM  Conference on Web Intelligence },
  year={2006}
}
@inproceedings{church:1989,
  title={Parsing, word associations and typical predicate-argument relations},
  author={Church, Kenneth and Gale, William and Hanks, Patrick and Hindle, Donald},
  booktitle={Proceedings of the workshop on Speech and Natural Language},
  pages={75--81},
  year={1989},
  organization={Association for Computational Linguistics}
}
@article{bouma:2009,
  title={Normalized (pointwise) mutual information in collocation extraction},
  author={Bouma, Gerlof},
  journal={Proceedings of GSCL},
  year={2009}
}
@inproceedings{bin:2004,
  title={Mining and summarizing customer reviews},
  author={Hu, Minqing and Liu, Bing},
  booktitle={Proceedings of the tenth ACM SIGKDD international conference on Knowledge discovery and data mining},
  year={2004}
}
@inproceedings{mikolov:2013,
  title={Distributed representations of words and phrases and their compositionality},
  author={Mikolov, Tomas and Sutskever, Ilya and Chen, Kai and Corrado, Greg S and Dean, Jeff},
  booktitle={Advances in neural information processing systems},
  year={2013}
}
@inproceedings{ganesan:2010,
  title={Opinosis: a graph-based approach to abstractive summarization of highly redundant opinions},
  author={Ganesan, Kavita and Zhai, ChengXiang and Han, Jiawei},
  booktitle={Proceedings of the 23rd international conference on computational linguistics},
  year={2010}
}
@inproceedings{mihalcea:2004,
  title={TextRank: Bringing order into texts},
  author={Mihalcea, Rada and Tarau, Paul},
  year={2004}
  }
@inproceedings{zhuang:2006,
  title={Movie review mining and summarization},
  author={Zhuang, Li and Jing, Feng and Zhu, Xiao-Yan},
  booktitle={Proceedings of the 15th ACM international conference on Information and knowledge management},
  year={2006}
}
@inproceedings{ku:2006,
  title={Opinion Extraction, Summarization and Tracking in News and Blog Corpora.},
  author={Ku, Lun-Wei and Liang, Yu-Ting and Chen, Hsin-Hsi},
  booktitle={AAAI spring symposium: Computational approaches to analyzing weblogs},
  year={2006}
}
@inproceedings{liu:2005,
  title={Opinion observer: analyzing and comparing opinions on the web},
  author={Liu, Bing and Hu, Minqing and Cheng, Junsheng},
  booktitle={Proceedings of the 14th international conference on World Wide Web},
  year={2005}
}
@inproceedings{lu:2009,
  title={Rated aspect summarization of short comments},
  author={Lu, Yue and Zhai, ChengXiang and Sundaresan, Neel},
  booktitle={Proceedings of the 18th international conference on World wide web},
  year={2009}
}
@inproceedings{mei:2007,
  title={Topic sentiment mixture: modeling facets and opinions in weblogs},
  author={Mei, Qiaozhu and Ling, Xu and Wondra, Matthew and Su, Hang and Zhai, ChengXiang},
  booktitle={Proceedings of the 16th international conference on World Wide Web},
  year={2007}
}
@article{pang:2008,
  title={Opinion mining and sentiment analysis},
  author={Pang, Bo and Lee, Lillian},
  journal={Foundations and trends in information retrieval},
  year={2008}}
}
@inproceedings{sentiwordnet:2006,
  title={Sentiwordnet: A publicly available lexical resource for opinion mining},
  author={Esuli, Andrea and Sebastiani, Fabrizio},
  booktitle={Proceedings of LREC},
  volume={6},
  pages={417--422},
  year={2006},
  organization={Citeseer}
}
@techreport{ari:1967,
  title={Automated readability index},
  author={Senter, RJ and Smith, EA},
  year={1967},
  institution={DTIC Document}
}
@inproceedings{mmr:1998,
  title={The use of MMR, diversity-based reranking for reordering documents and producing summaries},
  author={Carbonell, Jaime and Goldstein, Jade},
  booktitle={Proceedings of the 21st annual international ACM SIGIR conference on Research and development in information retrieval},
  pages={335--336},
  year={1998},
  organization={ACM}
}
@incollection{popescu:2007,
  title={Extracting product features and opinions from reviews},
  author={Popescu, Ana-Maria and Etzioni, Orena},
  booktitle={Natural language processing and text mining},
  year={2007}
}
@inproceedings{rouge:2004,
  title={Rouge: A package for automatic evaluation of summaries},
  author={Lin, Chin-Yew},
  booktitle={Text summarization branches out: Proceedings of the ACL-04 workshop},
  volume={8},
  year={2004},
  organization={Barcelona, Spain}
}
@article{lexrank:2004,
  title={LexRank: Graph-based lexical centrality as salience in text summarization},
  author={Erkan, G{\"u}nes and Radev, Dragomir R},
  journal={Journal of Artificial Intelligence Research},
  volume={22},
  pages={457--479},
  year={2004}
}
@inproceedings{textrank:2004,
  title={TextRank: Bringing order into texts},
  author={Mihalcea, Rada and Tarau, Paul},
  year={2004},
  organization={Association for Computational Linguistics}
}
@inproceedings{ranking:2013,
  title={Ranking explanatory sentences for opinion summarization},
  author={Kim, Hyun Duk and Castellanos, Malu G and Hsu, Meichun and Zhai, ChengXiang and Dayal, Umeshwar and Ghosh, Riddhiman},
  booktitle={Proceedings of the 36th international ACM SIGIR conference on Research and development in information retrieval},
  pages={1069--1072},
  year={2013},
  organization={ACM}
}
@article{ppmi:2007,
  title={Extracting semantic representations from word co-occurrence statistics: A computational study},
  author={Bullinaria, John A and Levy, Joseph P},
  journal={Behavior research methods},
  volume={39},
  number={3},
  pages={510--526},
  year={2007},
  publisher={Springer}
}
@inproceedings{ppmi:2014,
  title={A systematic study of semantic vector space model parameters},
  author={Kiela, Douwe and Clark, Stephen},
  booktitle={Proceedings of the 2nd Workshop on Continuous Vector Space Models and their Compositionality (CVSC) at EACL},
  pages={21--30},
  year={2014}
}
@inproceedings{ppmi:1994,
  title={Co-occurrence vectors from corpora vs. distance vectors from dictionaries},
  author={Niwa, Yoshiki and Nitta, Yoshihiko},
  booktitle={Proceedings of the 15th conference on Computational linguistics-Volume 1},
  pages={304--309},
  year={1994},
  organization={Association for Computational Linguistics}
}
@article{tsne:2008,
  title={Visualizing data using t-SNE},
  author={Maaten, Laurens van der and Hinton, Geoffrey},
  journal={Journal of Machine Learning Research},
  volume={9},
  number={Nov},
  pages={2579--2605},
  year={2008}
}
@inproceedings{nltk:2006,
  title={NLTK: the natural language toolkit},
  author={Bird, Steven},
  booktitle={Proceedings of the COLING/ACL on Interactive presentation sessions},
  pages={69--72},
  year={2006},
  organization={Association for Computational Linguistics}
}
@book{nltk:2009,
  title={Natural language processing with Python: analyzing text with the natural language toolkit},
  author={Bird, Steven and Klein, Ewan and Loper, Edward},
  year={2009},
  publisher={" O'Reilly Media, Inc."}
}
@article{levy:2015,
  title={Improving distributional similarity with lessons learned from word embeddings},
  author={Levy, Omer and Goldberg, Yoav and Dagan, Ido},
  journal={Transactions of the Association for Computational Linguistics},
  volume={3},
  pages={211--225},
  year={2015}
}
@article{turney:2010,
  title={From frequency to meaning: Vector space models of semantics},
  author={Turney, Peter D and Pantel, Patrick},
  journal={Journal of artificial intelligence research},
  volume={37},
  pages={141--188},
  year={2010}
}
@inproceedings{glove:2014,
  title={Glove: Global Vectors for Word Representation.},
  author={Pennington, Jeffrey and Socher, Richard and Manning, Christopher D},
  booktitle={EMNLP},
  volume={14},
  pages={1532--1543},
  year={2014}
}
@article{church:1990,
  title={Word association norms, mutual information, and lexicography},
  author={Church, Kenneth Ward and Hanks, Patrick},
  journal={Computational linguistics},
  volume={16},
  number={1},
  pages={22--29},
  year={1990},
  publisher={MIT Press}
}
@article{svd:1936,
  title={The approximation of one matrix by another of lower rank},
  author={Eckart, Carl and Young, Gale},
  journal={Psychometrika},
  volume={1},
  number={3},
  pages={211--218},
  year={1936},
  publisher={Springer}
}
@article{lsa:1990,
  title={Indexing by latent semantic analysis},
  author={Deerwester, Scott and Dumais, Susan T and Furnas, George W and Landauer, Thomas K and Harshman, Richard},
  journal={Journal of the American society for information science},
  volume={41},
  number={6},
  pages={391},
  year={1990},
  publisher={American Documentation Institute}
}
@article{pca:1987,
  title={Principal component analysis},
  author={Wold, Svante and Esbensen, Kim and Geladi, Paul},
  journal={Chemometrics and intelligent laboratory systems},
  volume={2},
  number={1-3},
  pages={37--52},
  year={1987},
  publisher={Elsevier}
}
@inproceedings{wmd:2015,
  title={From Word Embeddings To Document Distances.},
  author={Kusner, Matt J and Sun, Yu and Kolkin, Nicholas I and Weinberger, Kilian Q and others},
  booktitle={ICML},
  volume={15},
  pages={957--966},
  year={2015}
}
@inproceedings{emd:1998,
  title={A metric for distributions with applications to image databases},
  author={Rubner, Yossi and Tomasi, Carlo and Guibas, Leonidas J},
  booktitle={Computer Vision, 1998. Sixth International Conference on},
  pages={59--66},
  year={1998},
  organization={IEEE}
}
@inproceedings{emdcomlexity:2009,
  title={Fast and robust earth mover's distances},
  author={Pele, Ofir and Werman, Michael},
  booktitle={Computer vision, 2009 IEEE 12th international conference on},
  pages={460--467},
  year={2009},
  organization={IEEE}
}
@article{harris:1954,
  title={Distributional structure},
  author={Harris, Zellig S},
  journal={Word},
  volume={10},
  number={2-3},
  pages={146--162},
  year={1954},
  publisher={Taylor \& Francis}
}
@inproceedings{turney:2001,
  title={Mining the web for synonyms: PMI-IR versus LSA on TOEFL},
  author={Turney, Peter D},
  booktitle={European Conference on Machine Learning},
  pages={491--502},
  year={2001},
  organization={Springer}
}
@book{manning:1999,
  title={Foundations of statistical natural language processing},
  author={Manning, Christopher D and Sch{\"u}tze, Hinrich and others},
  volume={999},
  year={1999},
  publisher={MIT Press}
}
@inproceedings{fyshe:2015,
  title={A Compositional and Interpretable Semantic Space.},
  author={Fyshe, Alona and Wehbe, Leila and Talukdar, Partha Pratim and Murphy, Brian and Mitchell, Tom M},
  booktitle={HLT-NAACL},
  pages={32--41},
  year={2015}
}
@article{collobert:2011,
  title={Natural language processing (almost) from scratch},
  author={Collobert, Ronan and Weston, Jason and Bottou, L{\'e}on and Karlen, Michael and Kavukcuoglu, Koray and Kuksa, Pavel},
  journal={Journal of Machine Learning Research},
  volume={12},
  number={Aug},
  pages={2493--2537},
  year={2011}
}

}
